<record><leader>00000cas a22000007a 4500</leader><controlfield tag="001">21064389</controlfield><controlfield tag="008">900214d18861888nduwr ne      0    0eng d</controlfield><datafield ind1=" " ind2=" " tag="010"><subfield code="a">sn 90099606 </subfield></datafield><datafield ind1=" " ind2=" " tag="040"><subfield code="a">NOP</subfield><subfield code="b">eng</subfield><subfield code="c">NOP</subfield><subfield code="d">OCLCQ</subfield></datafield><datafield ind1=" " ind2=" " tag="042"><subfield code="a">msc</subfield></datafield><datafield ind1="0" ind2="4" tag="245"><subfield code="a">The Fort Abercrombie herald.</subfield></datafield><datafield ind1=" " ind2=" " tag="260"><subfield code="a">Fort Abercrombie, Richland Co., Dakota [N.D.] and McCauleyville, Wilkin Co., Minn. :</subfield><subfield code="b">F.J. Smith</subfield></datafield><datafield ind1=" " ind2=" " tag="300"><subfield code="a">v. :</subfield><subfield code="b">ill. ;</subfield><subfield code="c">55 cm.</subfield></datafield><datafield ind1=" " ind2=" " tag="310"><subfield code="a">Weekly</subfield></datafield><datafield ind1="1" ind2=" " tag="362"><subfield code="a">Began Mar. 13, 1886; ceased in 1888.</subfield></datafield><datafield ind1=" " ind2=" " tag="530"><subfield code="a">Available on microfilm from the State Historical Society of North Dakota.</subfield></datafield><datafield ind1=" " ind2=" " tag="588"><subfield code="a">Description based on: Vol. 1, no. 40 (July 25, 1888).</subfield></datafield><datafield ind1=" " ind2=" " tag="752"><subfield code="a">United States</subfield><subfield code="b">North Dakota</subfield><subfield code="c">Richland</subfield><subfield code="d">Fort Abercrombie.</subfield></datafield><datafield ind1=" " ind2=" " tag="752"><subfield code="a">United States</subfield><subfield code="b">Minnesota</subfield><subfield code="c">Richland</subfield><subfield code="d">McCauleyville.</subfield></datafield><datafield ind1="0" ind2="0" tag="785"><subfield code="t">Abercrombie herald</subfield><subfield code="w">(DLC)sn 88076456</subfield></datafield></record>